@ONLINE{lucidtouch,
author = {Daniel Wigdor,Clifton Forlines,Patrick Baudisch,John Barnwell,Chia Shen},
title = {LucidTouch: A See-Through Mobile Device},
month = oct,
year = {2007},
url = {http://www.dgp.toronto.edu/~dwigdor/research/wigdor_uist2007.pdf},
note = "[Online; letzes Aufruf am 24-M‰rz-2013]"
}

@ONLINE{challhcimd,
author = {Kuo-Ying Huang},
title = {Challenges in Human-Computer Interaction. Design for Mobile Devices },
month = oct,
year = {2009},
url = {http://www.iaeng.org/publication/WCECS2009/WCECS2009_pp236-241.pdf},
note = "[Online; letzes Aufruf am 24-M‰rz-2013]"
}

@ONLINE{ndrarticle,
author = {Benjamin Groﬂkopff},
title = {... und abends an die Steckdose},
month = oct,
year = {2013},
url = http://www.tagesschau.de/wirtschaft/mobile-world-congress106.html},
note = "[Online; letzes Aufruf am 24-M‰rz-2013]"
}