%% Created using Papers on Sun, 17 Feb 2013.
%% http://mekentosj.com/papers/

@article{Oulasvirta:2005fj,
author = {Oulasvirta, Antti},
title = {{Interrupted cognition and design for non-disruptiveness: the skilled memory approach}},
journal = {CHI EA '05: CHI '05 Extended Abstracts on Human Factors in Computing Systems},
year = {2005},
month = apr,
doi = {10.1145/1056808.1056843},
read = {Yes},
rating = {0},
date-added = {2012-11-14T15:11:24GMT},
date-modified = {2013-02-17T10:32:45GMT},
abstract = {Interruptions have gained in importance as a topic in current HCI research. Through a series of experiments, we take a step toward analyzing the active role of human memory in controlling interruptions. The results of these experiments lead us to propose},
url = {http://portal.acm.org/citation.cfm?id=1056808.1056843&coll=DL&dl=GUIDE&CFID=200779161&CFTOKEN=71751169},
uri = {\url{papers2://publication/doi/10.1145/1056808.1056843}}
}

@article{Chae:2004gp,
author = {Chae, Minhee and Kim, Jinwoo},
title = {{Do size and structure matter to mobile users? An empirical study of the effects of screen size, information structure, and task complexity on user activities with standard web phones}},
journal = {Behaviour {\&} Information Technology},
year = {2004},
volume = {23},
number = {3},
pages = {165--181},
month = may,
doi = {10.1080/01449290410001669923},
language = {English},
read = {Yes},
rating = {0},
date-added = {2013-02-17T09:39:40GMT},
date-modified = {2013-02-17T10:33:40GMT},
url = {http://www.tandfonline.com/doi/abs/10.1080/01449290410001669923},
local-url = {file://localhost/Users/sauli/Library/Application%20Support/Papers2/Articles/2004/Chae/Behaviour%20&%20Information%20Technology%202004%20Chae.pdf},
file = {{Behaviour & Information Technology 2004 Chae.pdf:/Users/sauli/Library/Application Support/Papers2/Articles/2004/Chae/Behaviour & Information Technology 2004 Chae.pdf:application/pdf}},
uri = {\url{papers2://publication/doi/10.1080/01449290410001669923}}
}

@inproceedings{Siek:2005wi,
author = {Siek, Katie A and Rogers, Yvonne and Connelly, Kay H},
title = {{Fat finger worries: how older and younger users physically interact with PDAs}},
booktitle = {INTERACT'05: Proceedings of the 2005 IFIP TC13 international conference on Human-Computer Interaction},
year = {2005},
publisher = { Springer-Verlag},
month = sep,
read = {Yes},
rating = {0},
date-added = {2012-11-12T10:37:58GMT},
date-modified = {2013-02-17T10:32:45GMT},
abstract = {There has been a steady growth in the global population of elderly people, challenging researchers in the HCI community to design technologies to help them remain independent and preserve their quality of life. One approach has been to create assistive},
url = {http://portal.acm.org/citation.cfm?id=2106372.2106403&coll=DL&dl=GUIDE&CFID=199054274&CFTOKEN=91149380},
uri = {\url{papers2://publication/uuid/ED47784A-9D51-4C45-A4DA-543BAE42DFE5}}
}

@inproceedings{Oulasvirta:2005vn,
author = {Oulasvirta, A and Tamminen, S and Roto, V},
title = {{Interaction in 4-second bursts: the fragmented nature of attentional resources in mobile HCI}},
booktitle = {Proceedings of the {\ldots}},
year = {2005},
read = {Yes},
rating = {0},
date-added = {2012-11-14T15:11:24GMT},
date-modified = {2013-02-17T10:32:45GMT},
abstract = {Abstract When on the move, cognitive resources are reserved partly for passively monitoring and reacting to contexts and events, and partly for actively constructing them. The Re-source Competition Framework (RCF), building on the Multiple Resources Theory, explains how ... 
},
url = {http://dl.acm.org/citation.cfm?id=1055101},
local-url = {file://localhost/Users/sauli/Library/Application%20Support/Papers2/Articles/2005/Oulasvirta/2005%20Oulasvirta.pdf},
file = {{2005 Oulasvirta.pdf:/Users/sauli/Library/Application Support/Papers2/Articles/2005/Oulasvirta/2005 Oulasvirta.pdf:application/pdf}},
uri = {\url{papers2://publication/uuid/C7FA5437-C97C-45FA-8DA1-F2B9C8FC7CCF}}
}

@article{Srinivasan:2003uu,
author = {Srinivasan, M A},
title = {{3-D finite-element models of human and monkey fingertips to investigate the mechanics of tactile sense}},
year = {2003},
rating = {0},
date-added = {2012-11-14T19:25:51GMT},
date-modified = {2013-02-14T13:52:10GMT},
abstract = {Just as the optics of the eye and acoustics of the ear are fundamental to understand our senses of vision and hearing, the mechanics of the skin is important to understand our sense of touch. When an object is explored and manipulated with the hand, the peripheral neural ... 
},
url = {http://www.rle.mit.edu/touchlab/publications/2003_009.pdf},
uri = {\url{papers2://publication/uuid/20BEA1F8-8838-405D-98E2-4BAB90F55A23}}
}

@inproceedings{Parhi:2006gh,
author = {Parhi, Pekka and Karlson, Amy K and Bederson, Benjamin B},
title = {{Target Size Study for One-Handed Thumb Use on Small Touchscreen Devices
}},
booktitle = {the 8th conference},
year = {2006},
pages = {203--210},
publisher = {ACM Press},
address = {New York, New York, USA},
doi = {10.1145/1152215.1152260},
isbn = {1595933905},
read = {Yes},
rating = {0},
date-added = {2012-11-14T19:14:55GMT},
date-modified = {2013-02-17T10:32:45GMT},
abstract = {Abstract This paper describes a two-phase study conducted to determine optimal target sizes for one-handed thumb use of mobile handheld devices equipped with a touch- sensitive screen. Similar studies have provided recommendations for target sizes when ... 
},
url = {http://portal.acm.org/citation.cfm?doid=1152215.1152260},
local-url = {file://localhost/Users/sauli/Library/Application%20Support/Papers2/Articles/2006/Parhi/MobileHCI%20'06%202006%20Parhi.pdf},
file = {{MobileHCI '06 2006 Parhi.pdf:/Users/sauli/Library/Application Support/Papers2/Articles/2006/Parhi/MobileHCI '06 2006 Parhi.pdf:application/pdf}},
uri = {\url{papers2://publication/doi/10.1145/1152215.1152260}}
}

@article{Nasar:2008cc,
author = {Nasar, Jack and Hecht, Peter and Wener, Richard},
title = {{Mobile telephones, distracted attention, and pedestrian safety}},
journal = {Accident Analysis {\&} Prevention},
year = {2008},
volume = {40},
number = {1},
pages = {69--75},
month = jan,
doi = {10.1016/j.aap.2007.04.005},
language = {English},
read = {Yes},
rating = {0},
date-added = {2013-02-17T10:00:30GMT},
date-modified = {2013-02-17T10:32:45GMT},
url = {http://linkinghub.elsevier.com/retrieve/pii/S000145750700070X},
local-url = {file://localhost/Users/sauli/Library/Application%20Support/Papers2/Articles/2008/Nasar/Accident%20Analysis%20&%20Prevention%202008%20Nasar.pdf},
file = {{Accident Analysis & Prevention 2008 Nasar.pdf:/Users/sauli/Library/Application Support/Papers2/Articles/2008/Nasar/Accident Analysis & Prevention 2008 Nasar.pdf:application/pdf}},
uri = {\url{papers2://publication/doi/10.1016/j.aap.2007.04.005}}
}

@book{Neil:2012uf,
author = {Neil, Theresa},
editor = {Treseler, Mary},
title = {{Mobile Design Pattern Gallery}},
publisher = {O'Reilly Media},
year = {2012},
month = mar,
rating = {0},
date-added = {2013-02-09T11:05:55GMT},
date-modified = {2013-02-09T11:09:18GMT},
uri = {\url{papers2://publication/uuid/52416D14-FB40-4AF1-816B-A3AF83CFAB4F}}
}

