@book{Neil:2012uf,
author = {Neil, Theresa},
editor = {Treseler, Mary},
title = {{Mobile Design Pattern Gallery}},
publisher = {O'Reilly Media},
year = {2012},
month = mar,
rating = {0},
date-added = {2013-02-09T11:05:55GMT},
date-modified = {2013-02-09T11:09:18GMT},
uri = {\url{papers2://publication/uuid/52416D14-FB40-4AF1-816B-A3AF83CFAB4F}}
}

