@ONLINE{AndroidDesignPatterns,
author = {Grag Nudelman},
title = {Android Design Patterns: Interaction Design Solutions for Developers},
month = feb,
year = {2013},
url = {http://books.google.de/books?id=JRcvdvrx7loC&printsec=frontcover&hl=de&source=gbs_atb#v=onepage&q&f=false}
}

@ONLINE{Handedness,
author = {Lisa Cashmore, Natalie Uomini, Amandine Chapelain},
title = {The Evolution of handedness in humans and great apes: a review and current issues},
month = jan,
year = {2008},
url = {http://www.isita-org.com/jass/Contents/2008%20vol86/03_Cashmore.pdf}
}